@book{dataset,
  title     = {The Principles of Quantum Mechanics},
  author    = {Paul Adrien Maurice Dirac},
  isbn      = {9780198520115},
  series    = {International series of monographs on physics},
  year      = {1981},
  publisher = {Clarendon Press},
  keywords  = {physics}
}

@article{logistic,
  title     = {The Regression Analysis of Binary Sequences},
  author    = {D.R Cox},
  url       = {https://www.jstor.org/stable/2983890},
  series    = {Statistical Society. Series B},
  year      = {1958},
  publisher = {Wiley}
}

@book{mse,
  title     = {The Principles of Quantum Mechanics},
  author    = {Paul Adrien Maurice Dirac},
  isbn      = {9780198520115},
  series    = {International series of monographs on physics},
  year      = {1981},
  publisher = {Clarendon Press},
  keywords  = {physics}
}

@book{spark,
  title     = {The Principles of Quantum Mechanics},
  author    = {Paul Adrien Maurice Dirac},
  isbn      = {9780198520115},
  series    = {International series of monographs on physics},
  year      = {1981},
  publisher = {Clarendon Press},
  keywords  = {physics}
}

@book{normalization,
  title     = {The Principles of Quantum Mechanics},
  author    = {Paul Adrien Maurice Dirac},
  isbn      = {9780198520115},
  series    = {International series of monographs on physics},
  year      = {1981},
  publisher = {Clarendon Press},
  keywords  = {physics}
}

@book{crc32,
  title     = {The Principles of Quantum Mechanics},
  author    = {Paul Adrien Maurice Dirac},
  isbn      = {9780198520115},
  series    = {International series of monographs on physics},
  year      = {1981},
  publisher = {Clarendon Press},
  keywords  = {physics}
}

@book{sigmoid,
  title     = {The Principles of Quantum Mechanics},
  author    = {Paul Adrien Maurice Dirac},
  isbn      = {9780198520115},
  series    = {International series of monographs on physics},
  year      = {1981},
  publisher = {Clarendon Press},
  keywords  = {physics}
}

@book{batching,
  title     = {The Principles of Quantum Mechanics},
  author    = {Paul Adrien Maurice Dirac},
  isbn      = {9780198520115},
  series    = {International series of monographs on physics},
  year      = {1981},
  publisher = {Clarendon Press},
  keywords  = {physics}
}

@book{l2,
  title     = {The Principles of Quantum Mechanics},
  author    = {Paul Adrien Maurice Dirac},
  isbn      = {9780198520115},
  series    = {International series of monographs on physics},
  year      = {1981},
  publisher = {Clarendon Press},
  keywords  = {physics}
}

@book{sgd,
  title     = {The Principles of Quantum Mechanics},
  author    = {Paul Adrien Maurice Dirac},
  isbn      = {9780198520115},
  series    = {International series of monographs on physics},
  year      = {1981},
  publisher = {Clarendon Press},
  keywords  = {physics}
}

@book{logistic_sklearn,
  title     = {The Principles of Quantum Mechanics},
  author    = {Paul Adrien Maurice Dirac},
  isbn      = {9780198520115},
  series    = {International series of monographs on physics},
  year      = {1981},
  publisher = {Clarendon Press},
  keywords  = {physics}
}

@book{lbfgsb,
  title     = {The Principles of Quantum Mechanics},
  author    = {Paul Adrien Maurice Dirac},
  isbn      = {9780198520115},
  series    = {International series of monographs on physics},
  year      = {1981},
  publisher = {Clarendon Press},
  keywords  = {physics}
}

@book{numpy,
  title     = {The Principles of Quantum Mechanics},
  author    = {Paul Adrien Maurice Dirac},
  isbn      = {9780198520115},
  series    = {International series of monographs on physics},
  year      = {1981},
  publisher = {Clarendon Press},
  keywords  = {physics}
}

@book{pandas,
  title     = {The Principles of Quantum Mechanics},
  author    = {Paul Adrien Maurice Dirac},
  isbn      = {9780198520115},
  series    = {International series of monographs on physics},
  year      = {1981},
  publisher = {Clarendon Press},
  keywords  = {physics}
}

@book{binary_cross_entropy,
  title  = {A Tutorial on the Cross-Entropy Method},
  author = {Pieter-Tjerk de Boer},
  url    = {https://research.utwente.nl/en/publications/a-tutorial-on-the-cross-entropy-method},
  series = {Annals of operations research},
  year   = {2015}
}



